<?xml version="1.0" encoding="UTF-8" ?><marc:collection xmlns:marc="http://www.loc.gov/MARC21/slim" xmlns:xsi="http://www.w3.org/2001/XMLSchema-instance" xsi:schemaLocation="http://www.loc.gov/MARC21/slim http://www.loc.gov/standards/marcxml/schema/MARC21slim.xsd">
<marc:record><marc:leader>05543nam a2200433Ia 4500</marc:leader>
<marc:controlfield tag="005">20200918225200.0</marc:controlfield>
<marc:controlfield tag="008">200121s2019    bl            000 0 por d</marc:controlfield><marc:datafield tag="040" ind1=" " ind2=" "><marc:subfield code="a">USP/AGUIA</marc:subfield></marc:datafield><marc:datafield tag="041" ind1="0" ind2=" "><marc:subfield code="a">por</marc:subfield></marc:datafield><marc:datafield tag="044" ind1=" " ind2=" "><marc:subfield code="a">bl</marc:subfield></marc:datafield><marc:datafield tag="100" ind1="1" ind2=" "><marc:subfield code="a">Binazzi, Biancamaria</marc:subfield></marc:datafield><marc:datafield tag="242" ind1="0" ind2="0"><marc:subfield code="a">Phonography in transit</marc:subfield><marc:subfield code="b">records exchanges between the Discoteca Pública Municipal and the Archive of American Folk Song (1939-1943)</marc:subfield></marc:datafield><marc:datafield tag="245" ind1="1" ind2="0"><marc:subfield code="a">Fonografia em trânsito</marc:subfield><marc:subfield code="b">o intercâmbio de discos entre a Discoteca Pública Municipal de São Paulo e a Biblioteca do Congresso em Washington (1939-1943)</marc:subfield><marc:subfield code="c">Biancamaria Binazzi</marc:subfield></marc:datafield><marc:datafield tag="260" ind1=" " ind2=" "><marc:subfield code="a">São Paulo</marc:subfield><marc:subfield code="c">2019</marc:subfield></marc:datafield><marc:datafield tag="300" ind1=" " ind2=" "><marc:subfield code="a">176 f</marc:subfield></marc:datafield><marc:datafield tag="502" ind1=" " ind2=" "><marc:subfield code="a">Dissertação (Mestrado)</marc:subfield></marc:datafield><marc:datafield tag="520" ind1=" " ind2=" "><marc:subfield code="a">A partir de um estudo de caso sobre o intercâmbio de discos folclóricos entre a Discoteca Pública Municipal (DPM), vinculada à Divisão de Expansão Cultural do Departamento de Cultura do Município São Paulo e a Divisão de Música da Biblioteca do Congresso em Washington (LOC) durante o período da Segunda Guerra Mundial, pretende-se estudar objetos e práticas sonoras ligados à fonografia como mediadores de trocas, circulações e transferências culturais e tecnológicas. Sob incentivo da Política da Boa Vizinhança e financiamento do Fundo de Emergência de Guerra do Departamento do Estado dos Estados Unidos, o convênio entre as duas instituições promoveu não apenas a troca de material fonográfico sobre música das Américas a ser apreciado pelos meios científicos e artísticos, mas também teria favorecido um intercâmbio de conhecimento tecnológico em um momento em que países da América estavam engajados formação de arquivos sonoros de música folclórica. Nesse contexto, a gravação, conservação e difusão da música folclórica em discos de acetato em 78 rpm seriam importantes ferramentas para construção de imaginários sonoros de identidades coletivas. Buscaremos entender em que medida o intercâmbio foi considerado uma &quot;emergência de guerra&quot; pelo governo dos Estados Unidos e como o projeto da Discoteca Pública Municipal, idealizado por Mário de Andrade e dirigido por Oneyda Alvarenga, teria se beneficiado com a parceria, apesar da recusa inicial revelada na correspondência</marc:subfield></marc:datafield><marc:datafield tag="590" ind1=" " ind2=" "><marc:subfield code="d">Culturas e Identidades Brasileiras</marc:subfield></marc:datafield><marc:datafield tag="520" ind1=" " ind2=" "><marc:subfield code="a">analisada. A pesquisa partirá da hipótese de que, apesar da aparente resistência em integrar o projeto do governo norte-americano, a instituição paulistana aceita o convênio pelos benefícios tecnológicos que garantiriam a preservação e difusão do material fonográfico no território nacional</marc:subfield></marc:datafield><marc:datafield tag="600" ind1="1" ind2="7"><marc:subfield code="a">Andrade, Mário de</marc:subfield><marc:subfield code="d">1893-1945</marc:subfield><marc:subfield code="2">larpcal</marc:subfield></marc:datafield><marc:datafield tag="600" ind1="1" ind2="7"><marc:subfield code="a">Alvarenga, Oneyda</marc:subfield><marc:subfield code="d">1911-1984</marc:subfield><marc:subfield code="2">larpcal</marc:subfield></marc:datafield><marc:datafield tag="650" ind1=" " ind2="7"><marc:subfield code="a">FOLCLORE</marc:subfield><marc:subfield code="2">larpcal</marc:subfield></marc:datafield><marc:datafield tag="650" ind1=" " ind2="7"><marc:subfield code="a">PAN-AMERICANISMO</marc:subfield><marc:subfield code="2">larpcal</marc:subfield></marc:datafield><marc:datafield tag="650" ind1=" " ind2="7"><marc:subfield code="a">INDÚSTRIA FONOGRÁFICA</marc:subfield><marc:subfield code="2">larpcal</marc:subfield></marc:datafield><marc:datafield tag="650" ind1=" " ind2="7"><marc:subfield code="a">DISCOTECAS</marc:subfield><marc:subfield code="2">larpcal</marc:subfield></marc:datafield><marc:datafield tag="700" ind1="1" ind2=" "><marc:subfield code="a">Toni, Flávia Camargo</marc:subfield><marc:subfield code="4">orient</marc:subfield></marc:datafield><marc:datafield tag="856" ind1="0" ind2=" "><marc:subfield code="z">e-mail do autor</marc:subfield><marc:subfield code="u">mailto://biancamaria.binazzi@usp.br</marc:subfield><marc:subfield code="3">E-mail do autor</marc:subfield></marc:datafield><marc:datafield tag="856" ind1="4" ind2="1"><marc:subfield code="z">Clicar sobre o botão para acesso ao texto</marc:subfield><marc:subfield code="u">http://www.teses.usp.br/teses/disponiveis/31/31131/tde-16012020-112647/</marc:subfield><marc:subfield code="3">BDTD</marc:subfield></marc:datafield><marc:datafield tag="856" ind1="0" ind2=" "><marc:subfield code="z">e-mail do orientador</marc:subfield><marc:subfield code="u">mailto://flictis@usp.br</marc:subfield><marc:subfield code="3">E-mail do orientador</marc:subfield></marc:datafield><marc:datafield tag="940" ind1=" " ind2=" "><marc:subfield code="a">From a case study on the exchange of folk records between the Discoteca Pública Municipal (DPM), linked to Departamento de Cultura de São Paulo and the Music Division of the Library of Congress in Washington (LOC) during the period of the World War II, it is intended to study sound objects and practices related to phonography as mediators of cultural and technological exchanges. Under the auspices of the Good Neighbor Policy and funding from the War Emergency Fund of the US State Department, the agreement between the two institutions not only promoted the exchange of phonographic material on music from the Americas to be appreciated by scientific and artistic media, but it would also have favored an exchange of technological knowledge at a time when countries in America were engaged in the formation of sound archives of folk music. In this context, the recording, conservation and diffusion of folk music on acetate discs at 78 rpm would be important tools for the construction of sound imaginary of collective identities. We will seek to understand to what extent the exchange was considered a &quot;war emergency&quot; by the United States government and how the Municipal Public Discoteque project, designed by Mário de Andrade and directed by Oneyda Alvarenga, would have benefited from the partnership, despite the initial refusal revealed in the correspondence analyzed. The research will start from the hypothesis that, despite the apparent resistance to integrate the US government</marc:subfield></marc:datafield><marc:datafield tag="940" ind1=" " ind2=" "><marc:subfield code="a">project, the Sao Paulo institution accepts the agreement for the technological benefits that would guarantee the preservation and diffusion of phonographic material in Brazil</marc:subfield></marc:datafield><marc:datafield tag="945" ind1=" " ind2=" "><marc:subfield code="a">T</marc:subfield><marc:subfield code="b">TESE</marc:subfield><marc:subfield code="c">T</marc:subfield><marc:subfield code="i">05.11.2019</marc:subfield><marc:subfield code="j">2019</marc:subfield></marc:datafield><marc:datafield tag="946" ind1=" " ind2=" "><marc:subfield code="a">BINAZZI, BIANCAMARIA</marc:subfield><marc:subfield code="b">8644858</marc:subfield><marc:subfield code="e">IEB</marc:subfield><marc:subfield code="f">INSTITUTO DE ESTUDOS BRASILEIROS</marc:subfield><marc:subfield code="q">ME</marc:subfield><marc:subfield code="r">05.11.2019</marc:subfield><marc:subfield code="x">CULTURAS E IDENTIDADES BRASILEIRAS</marc:subfield><marc:subfield code="z">ESTUDOS BRASILEIROS</marc:subfield><marc:subfield code="o">52412</marc:subfield><marc:subfield code="s">S</marc:subfield></marc:datafield><marc:datafield tag="952" ind1=" " ind2=" "><marc:subfield code="a">Arquivos Sonoros</marc:subfield><marc:subfield code="f">Proveniente da Base Teses Digitais da USP</marc:subfield></marc:datafield><marc:datafield tag="952" ind1=" " ind2=" "><marc:subfield code="a">Folklore</marc:subfield><marc:subfield code="f">Proveniente da Base Teses Digitais da USP</marc:subfield></marc:datafield><marc:datafield tag="952" ind1=" " ind2=" "><marc:subfield code="a">Fonografia</marc:subfield><marc:subfield code="f">Proveniente da Base Teses Digitais da USP</marc:subfield></marc:datafield><marc:datafield tag="952" ind1=" " ind2=" "><marc:subfield code="a">Pan Americanism</marc:subfield><marc:subfield code="f">Proveniente da Base Teses Digitais da USP</marc:subfield></marc:datafield><marc:datafield tag="952" ind1=" " ind2=" "><marc:subfield code="a">Phonography</marc:subfield><marc:subfield code="f">Proveniente da Base Teses Digitais da USP</marc:subfield></marc:datafield><marc:datafield tag="952" ind1=" " ind2=" "><marc:subfield code="a">Sound Archives</marc:subfield><marc:subfield code="f">Proveniente da Base Teses Digitais da USP</marc:subfield></marc:datafield></marc:record>
</marc:collection>
